<record><leader>00000cas a2200000 a 4500</leader><controlfield tag="001">26791478</controlfield><controlfield tag="008">921015d1917196ucaudn ne      0    0eng c</controlfield><datafield ind1=" " ind2=" " tag="010"><subfield code="a">sn 92070114 </subfield></datafield><datafield ind1=" " ind2=" " tag="040"><subfield code="a">CNK</subfield><subfield code="b">eng</subfield><subfield code="c">CNK</subfield><subfield code="d">OCLCQ</subfield><subfield code="d">OCLCF</subfield><subfield code="d">OCLCO</subfield></datafield><datafield ind1="1" ind2=" " tag="029"><subfield code="a">AU@</subfield><subfield code="b">000020736696</subfield></datafield><datafield ind1=" " ind2=" " tag="042"><subfield code="a">pcc</subfield></datafield><datafield ind1=" " ind2=" " tag="043"><subfield code="a">n-us-ca</subfield></datafield><datafield ind1="0" ind2=" " tag="130"><subfield code="a">Corona daily independent (Corona, Calif. : 1917)</subfield></datafield><datafield ind1="1" ind2="4" tag="245"><subfield code="a">The Corona daily independent.</subfield></datafield><datafield ind1=" " ind2=" " tag="260"><subfield code="a">Corona, Calif. :</subfield><subfield code="b">G.M. Blair</subfield></datafield><datafield ind1=" " ind2=" " tag="300"><subfield code="a">v.</subfield></datafield><datafield ind1=" " ind2=" " tag="310"><subfield code="a">Daily (except Sat., Sun., &amp; holidays)</subfield></datafield><datafield ind1="0" ind2=" " tag="362"><subfield code="a">Vol. 19, no. 70 (Apr. 20, 1917)-</subfield></datafield><datafield ind1=" " ind2="0" tag="651"><subfield code="a">Riverside County (Calif.)</subfield><subfield code="v">Newspapers.</subfield></datafield><datafield ind1=" " ind2="0" tag="651"><subfield code="a">Corona (Calif.)</subfield><subfield code="v">Newspapers.</subfield></datafield><datafield ind1=" " ind2="7" tag="655"><subfield code="a">Newspapers.</subfield><subfield code="2">fast</subfield><subfield code="0">(OCoLC)fst01423814</subfield></datafield><datafield ind1=" " ind2="7" tag="651"><subfield code="a">California</subfield><subfield code="z">Corona.</subfield><subfield code="2">fast</subfield><subfield code="0">(OCoLC)fst01216950</subfield></datafield><datafield ind1=" " ind2="7" tag="651"><subfield code="a">California</subfield><subfield code="z">Riverside County.</subfield><subfield code="2">fast</subfield><subfield code="0">(OCoLC)fst01205486</subfield></datafield><datafield ind1=" " ind2=" " tag="752"><subfield code="a">United States</subfield><subfield code="b">California</subfield><subfield code="c">Riverside</subfield><subfield code="d">Corona.</subfield></datafield><datafield ind1="0" ind2="0" tag="780"><subfield code="t">Corona independent (Corona, Calif. : 1914)</subfield><subfield code="w">(DLC)sn 92070113</subfield></datafield></record>